% Sample Bibliography File (references.bib)
% =======================================

@article{Smith2020,
  author  = {Smith, John and Johnson, Emily},
  title   = {A Comprehensive Analysis of Example Topic},
  journal = {Journal of Example Studies},
  year    = {2020},
  volume  = {45},
  number  = {2},
  pages   = {123--145},
  doi     = {10.1234/example.2020.1234}
}

@book{Johnson2019,
  author    = {Johnson, Robert},
  title     = {Advanced Concepts in Example Field},
  publisher = {Example University Press},
  year      = {2019},
  address   = {New York},
  isbn      = {978-1-234-56789-0}
}

@inproceedings{Brown2018,
  author    = {Brown, Sarah and Davis, Michael},
  title     = {Novel Approaches to Example Problems},
  booktitle = {Proceedings of the International Conference on Example Research},
  year      = {2018},
  pages     = {78--92},
  publisher = {Example Association},
  address   = {Chicago, IL},
  doi       = {10.5678/example.2018.5678}
}

@phdthesis{Wilson2017,
  author  = {Wilson, Thomas},
  title   = {Investigating Example Phenomena: A Theoretical Framework},
  school  = {Example University},
  year    = {2017},
  address = {Boston, MA}
}

@techreport{Taylor2021,
  author      = {Taylor, Lisa and Anderson, James},
  title       = {Technical Analysis of Example Systems},
  institution = {Example Research Institute},
  year        = {2021},
  number      = {TR-2021-01},
  address     = {Washington, DC}
}

@misc{Garcia2022,
  author    = {Garcia, Carlos},
  title     = {Unpublished Results on Example Topic},
  year      = {2022},
  note      = {Preprint available at \url{https://example.org/preprints/2022/01234}}
}

@online{Miller2023,
  author  = {Miller, Jennifer},
  title   = {Example Online Resource},
  year    = {2023},
  url     = {https://example.com/resource},
  urldate = {2023-06-15}
}

@article{Wang2019,
  author  = {Wang, Hui and Zhang, Li},
  title   = {Experimental Investigation of Example Phenomena},
  journal = {Example Science Journal},
  year    = {2019},
  volume  = {32},
  number  = {4},
  pages   = {567--589},
  doi     = {10.9876/example.2019.9876}
}

@incollection{Lee2020,
  author    = {Lee, David},
  title     = {Chapter Title About Examples},
  booktitle = {Handbook of Example Studies},
  editor    = {Thompson, Mary and Wilson, Robert},
  year      = {2020},
  publisher = {Example Academic Publishers},
  address   = {London},
  pages     = {234--256}
}

@article{Martinez2021,
  author  = {Martinez, Elena and Rodriguez, Juan},
  title   = {Theoretical Foundations of Example Theory},
  journal = {International Journal of Example Research},
  year    = {2021},
  volume  = {15},
  number  = {3},
  pages   = {321--345},
  doi     = {10.2468/example.2021.2468}
}